<?xml version="1.0" encoding="UTF-8"?><collection xmlns="http://www.loc.gov/MARC21/slim"><record><leader>00455nam--2200133-i-4500</leader><controlfield tag="001">000003718</controlfield><controlfield tag="002">20161230</controlfield><controlfield tag="005">20161230201025</controlfield><controlfield tag="008">060222s1000------------r-----000-0-eng-d</controlfield><datafield ind1=" " ind2=" " tag="080"><subfield code="a">62(038)=002=590=30:801.323.2=590=30</subfield></datafield><datafield ind1=" " ind2=" " tag="100"><subfield code="a">Bocancea, O. Si Zapolanski</subfield></datafield><datafield ind1=" " ind2=" " tag="245"><subfield code="a">Dictionar tehnic universal roman-german. tehnica-stiinta-industrie-meserii. rumanische-deutsches technisches wortebuch</subfield></datafield><datafield ind1=" " ind2=" " tag="260"><subfield code="a">Craiova, Scrisul Romanesc /1940/. 354 P</subfield></datafield><datafield ind1=" " ind2=" " tag="852"><subfield code="a">D59</subfield></datafield></record></collection>